<record><leader>00000cas a2200000 a 4500</leader><controlfield tag="001">14472491</controlfield><controlfield tag="008">861022u1972uuuupauuu ne      0    0eng c</controlfield><datafield ind1=" " ind2=" " tag="010"><subfield code="a">sn 86081910 </subfield></datafield><datafield ind1=" " ind2=" " tag="040"><subfield code="a">NPH</subfield><subfield code="b">eng</subfield><subfield code="c">NPH</subfield><subfield code="d">CNW</subfield><subfield code="d">OCLCQ</subfield><subfield code="d">NYS</subfield><subfield code="d">OCLCQ</subfield><subfield code="d">OCLCF</subfield><subfield code="d">OCL</subfield><subfield code="d">OCLCO</subfield></datafield><datafield ind1="1" ind2=" " tag="029"><subfield code="a">AU@</subfield><subfield code="b">000025474502</subfield></datafield><datafield ind1=" " ind2=" " tag="042"><subfield code="a">pcc</subfield></datafield><datafield ind1=" " ind2=" " tag="043"><subfield code="a">n-us-pa</subfield></datafield><datafield ind1="0" ind2="0" tag="245"><subfield code="a">Whippersnapper.</subfield></datafield><datafield ind1=" " ind2=" " tag="260"><subfield code="a">McConnellsburg, Pa. :</subfield><subfield code="b">[s.n.,</subfield><subfield code="c">1972]-</subfield></datafield><datafield ind1=" " ind2=" " tag="300"><subfield code="a">v.</subfield></datafield><datafield ind1="1" ind2=" " tag="362"><subfield code="a">Vol. 1, no. 1 (1972)-</subfield></datafield><datafield ind1=" " ind2=" " tag="500"><subfield code="a">"Covering ... basically the Cumberland Valley from Carlisle, Pa. to Hagerstown, Md., and adjoining countryside."</subfield></datafield><datafield ind1=" " ind2=" " tag="500"><subfield code="a">Editor: Gipsy Dave.</subfield></datafield><datafield ind1=" " ind2=" " tag="530"><subfield code="a">Available on microfilm from Bell &amp; Howell (Underground newspaper collection).</subfield></datafield><datafield ind1=" " ind2=" " tag="588"><subfield code="a">Latest issue consulted: Vol. 2, no. 1 (Feb., 1973).</subfield></datafield><datafield ind1=" " ind2="0" tag="650"><subfield code="a">Underground press publications</subfield><subfield code="z">Cumberland Valley (Md. and Pa.)</subfield></datafield><datafield ind1=" " ind2="0" tag="650"><subfield code="a">Social change</subfield><subfield code="z">Cumberland Valley (Md. and Pa.)</subfield><subfield code="v">Newspapers.</subfield></datafield><datafield ind1=" " ind2="0" tag="651"><subfield code="a">Fulton County (Pa.)</subfield><subfield code="v">Newspapers.</subfield></datafield><datafield ind1=" " ind2="0" tag="651"><subfield code="a">McConnellsburg (Pa.)</subfield><subfield code="v">Newspapers.</subfield></datafield><datafield ind1=" " ind2="0" tag="651"><subfield code="a">Cumberland Valley (Md. and Pa.)</subfield><subfield code="v">Newspapers.</subfield></datafield><datafield ind1=" " ind2="7" tag="650"><subfield code="a">Social change.</subfield><subfield code="2">fast</subfield><subfield code="0">(OCoLC)fst01122310</subfield></datafield><datafield ind1=" " ind2="7" tag="650"><subfield code="a">Underground press publications.</subfield><subfield code="2">fast</subfield><subfield code="0">(OCoLC)fst01160984</subfield></datafield><datafield ind1=" " ind2="7" tag="651"><subfield code="a">Pennsylvania</subfield><subfield code="z">Fulton County.</subfield><subfield code="2">fast</subfield><subfield code="0">(OCoLC)fst01206441</subfield></datafield><datafield ind1=" " ind2="7" tag="651"><subfield code="a">Pennsylvania</subfield><subfield code="z">McConnellsburg.</subfield><subfield code="2">fast</subfield><subfield code="0">(OCoLC)fst01223747</subfield></datafield><datafield ind1=" " ind2="7" tag="651"><subfield code="a">United States</subfield><subfield code="z">Cumberland Valley.</subfield><subfield code="2">fast</subfield><subfield code="0">(OCoLC)fst01241836</subfield></datafield><datafield ind1=" " ind2="7" tag="655"><subfield code="a">Newspapers.</subfield><subfield code="2">fast</subfield><subfield code="0">(OCoLC)fst01423814</subfield></datafield><datafield ind1=" " ind2=" " tag="752"><subfield code="a">United States</subfield><subfield code="b">Pennsylvania</subfield><subfield code="c">Fulton</subfield><subfield code="d">McConnellsburg.</subfield></datafield></record>